@article{Tofallis2015AEstimation,
    title = {{A better measure of relative prediction accuracy for model selection and model estimation}},
    year = {2015},
    journal = {Journal of the Operational Research Society},
    author = {Tofallis, Chris},
    number = {8},
    month = {8},
    pages = {1352--1362},
    volume = {66},
    publisher = {Palgrave Macmillan Ltd.},
    doi = {10.1057/jors.2014.103},
    issn = {14769360},
    keywords = {forecasting, loss function, model selection, prediction, regression, time series}
}

@article{McLoughlin2015AData,
    title = {{A clustering approach to domestic electricity load profile characterisation using smart metering data}},
    year = {2015},
    journal = {Applied Energy},
    author = {McLoughlin, Fintan and Duffy, Aidan and Conlon, Michael},
    month = {3},
    pages = {190--199},
    volume = {141},
    publisher = {Elsevier Ltd},
    doi = {10.1016/j.apenergy.2014.12.039},
    issn = {03062619},
    keywords = {Clustering, Domestic electricity load profile, Segmentation}
}

@misc{AgileEnergy,
    title = {{Agile Octopus | Octopus Energy}},
    url = {https://octopus.energy/agile/}
}

@misc{AgileEnergyb,
    title = {{Agile pricing explained | Octopus Energy}},
    url = {https://octopus.energy/blog/agile-pricing-explained/}
}

@article{Hansen2014AnalysisTurbines,
    title = {{Analysis of the short-term overproduction capability of variable speed wind turbines}},
    year = {2014},
    journal = {Renewable Energy},
    author = {Hansen, Anca D. and Altin, Müfit and Margaris, Ioannis D. and Iov, Florin and Tarnowski, Germán C.},
    month = {8},
    pages = {326--336},
    volume = {68},
    doi = {10.1016/j.renene.2014.02.012},
    issn = {09601481},
    keywords = {Active power, Inertial response, Overproduction, Standard model, Variable speed wind turbine}
}

@techreport{Nationalgrid2018ApplicableStatement,
    title = {{Applicable Balancing Services Volume Data Methodology Statement}},
    year = {2018},
    author = {{Nationalgrid}},
    url = {https://www.nationalgrid.com/uk/electricity/market-operations-and-}
}

@techreport{Nationalgrid2018BalancingStatement,
    title = {{Balancing Services Adjustment Data Methodology Statement}},
    year = {2018},
    author = {{Nationalgrid}}
}

@article{Ushakova2020BigKingdom,
    title = {{Big data to the rescue? Challenges in analysing granular household electricity consumption in the United Kingdom}},
    year = {2020},
    journal = {Energy Research and Social Science},
    author = {Ushakova, Anastasia and Jankin Mikhaylov, Slava},
    month = {6},
    volume = {64},
    publisher = {Elsevier Ltd},
    doi = {10.1016/j.erss.2020.101428},
    issn = {22146296},
    keywords = {Big data, Clustering, Consumer behaviour, Electricity consumption, Smart meters, Time series models}
}

@misc{IgorTodorovic2020Birol:Balance,
    title = {{Birol: COVID-19 shock shows renewables’ importance for power balance}},
    year = {2020},
    author = {{Igor Todorovi{\'{c}}}},
    publisher = {Balkan Green Energy News},
    url = {https://balkangreenenergynews.com/birol-covid-19-shock-shows-renewables-importance-for-power-balance/}
}

@techreport{Elexon2019BMRSArchitecture,
    title = {{BMRS API and Data Push User Guide The use of the API is governed by the BMRS Data Terms of Use Policy Service Desk Support: bscservicedesk@cgi.com ELEXON Architecture}},
    year = {2019},
    author = {{Elexon}},
    keywords = {BMRS API and Data Push User Guide}
}

@misc{CoronavirusOfgem,
    title = {{Coronavirus (COVID-19): Protecting consumers | Ofgem}},
    url = {https://www.ofgem.gov.uk/news-blog/our-blog/coronavirus-covid-19-protecting-consumers}
}

@misc{BritishForeignPolicyGroup2020COVID-19Timeline,
    title = {{COVID-19 Timeline}},
    year = {2020},
    author = {{British Foreign Policy Group}},
    url = {https://bfpg.co.uk/2020/04/covid-19-timeline/}
}

@techreport{Everoze2016CrackingThem.,
    title = {{Cracking the code. A guide to energy storage revenue streams and how to derisk them.}},
    year = {2016},
    author = {{Everoze}}
}

@techreport{SahayDayNetwork,
    title = {{Day Ahead Hourly Load Forecast of PJM Electricity Market and ISO New England Market by Using Artificial Neural Network}},
    author = {Sahay, Kishan Bhushan and Tripathi, M M}
}

@article{He2020Day-aheadForest,
    title = {{Day-ahead short-term load probability density forecasting method with a decomposition-based quantile regression forest}},
    year = {2020},
    journal = {Applied Energy},
    author = {He, Feifei and Zhou, Jianzhong and Mo, Li and Feng, Kuaile and Liu, Guangbiao and He, Zhongzheng},
    month = {3},
    volume = {262},
    publisher = {Elsevier Ltd},
    doi = {10.1016/j.apenergy.2019.114396},
    issn = {03062619},
    keywords = {Bayesian optimization, Quantile Regression Forest, Short-term load forecasting, Temperature and Humidity Index, Tree-structured of Parzen Estimators, Variational mode decomposition}
}

@misc{KirliElectricityPipeline,
    title = {{Electricity Data Pipeline}},
    author = {Kirli, Desen},
    url = {https://github.com/desenk/Electricity-Data-Pipeline}
}

@misc{ElectricityBMRS,
    title = {{Electricity Data Summary | BMRS}},
    url = {https://www.bmreports.com/bmrs/?q=eds/main}
}

@misc{ELEXON2020ELEXONBMRS,
    title = {{ELEXON BMRS}},
    year = {2020},
    author = {{ELEXON}},
    url = {https://www2.bmreports.com/bmrs/?q=eds/main}
}

@misc{ELEXONELEXON,
    title = {{ELEXON Insight: Highest System Price in 19 years - ELEXON}},
    url = {https://www.elexon.co.uk/article/elexon-insight-highest-system-price-in-19-years/}
}

@misc{ELEXONELEXONb,
    title = {{ELEXON Insight: Highest System Price in 19 years - ELEXON}},
    url = {https://www.elexon.co.uk/article/elexon-insight-highest-system-price-in-19-years/}
}

@techreport{NationalGridESO2019EnergyRoadmap,
    title = {{Energy Forecasting Strategic Project Roadmap}},
    year = {2019},
    author = {{National Grid ESO}}
}

@misc{ENTSO-E2020ENTSO-EPlatform,
    title = {{ENTSO-E Transparency Platform}},
    year = {2020},
    author = {{ENTSO-E}},
    url = {https://transparency.entsoe.eu/dashboard/show}
}

@article{McLoughlin2013EvaluationDemand,
    title = {{Evaluation of time series techniques to characterise domestic electricity demand}},
    year = {2013},
    journal = {Energy},
    author = {McLoughlin, Fintan and Duffy, Aidan and Conlon, Michael},
    number = {1},
    month = {2},
    pages = {120--130},
    volume = {50},
    publisher = {Elsevier Ltd},
    doi = {10.1016/j.energy.2012.11.048},
    issn = {03605442},
    keywords = {Domestic electricity consumption, Electricity demand load profiles, Time series modelling}
}

@article{McLoughlin2013EvaluationDemandb,
    title = {{Evaluation of time series techniques to characterise domestic electricity demand}},
    year = {2013},
    journal = {Energy},
    author = {McLoughlin, Fintan and Duffy, Aidan and Conlon, Michael},
    number = {1},
    month = {2},
    pages = {120--130},
    volume = {50},
    publisher = {Elsevier Ltd},
    doi = {10.1016/j.energy.2012.11.048},
    issn = {03605442},
    keywords = {Domestic electricity consumption, Electricity demand load profiles, Time series modelling}
}

@article{Khuntia2016ForecastingReview,
    title = {{Forecasting the load of electrical power systems in mid- and long-term horizons: A review}},
    year = {2016},
    journal = {IET Generation, Transmission and Distribution},
    author = {Khuntia, Swasti R. and Rueda, José L. and van der Meijden, Mart A.M.M.},
    number = {16},
    month = {12},
    pages = {3971--3977},
    volume = {10},
    publisher = {Institution of Engineering and Technology},
    doi = {10.1049/iet-gtd.2016.0340},
    issn = {17518687}
}

@misc{GovernmentGOV.UK,
    title = {{Government agrees measures with energy industry to support vulnerable people through COVID-19 - GOV.UK}},
    url = {https://www.gov.uk/government/news/government-agrees-measures-with-energy-industry-to-support-vulnerable-people-through-covid-19}
}

@techreport{ELEXON2019GuidanceBritain,
    title = {{Guidance Imbalance Pricing Guidance A guide to electricity imbalance pricing in Great Britain}},
    year = {2019},
    author = {{ELEXON}},
    url = {www.elexon.co.uk}
}

@misc{HomeUK,
    title = {{Home - Energy Stats UK}},
    url = {https://www.energy-stats.uk/}
}

@article{Winkler2016ImpactMatter,
    title = {{Impact of renewables on electricity markets - Do support schemes matter?}},
    year = {2016},
    journal = {Energy Policy},
    author = {Winkler, Jenny and Gaio, Alberto and Pfluger, Benjamin and Ragwitz, Mario},
    month = {6},
    pages = {157--167},
    volume = {93},
    publisher = {Elsevier Ltd},
    doi = {10.1016/j.enpol.2016.02.049},
    issn = {03014215},
    keywords = {Electricity market integration, Impact on electricity markets, Renewables, Support policies}
}

@misc{KeepingESO,
    title = {{Keeping electricity flowing throughout the coronavirus outbreak | National Grid ESO}},
    url = {https://www.nationalgrideso.com/news/keeping-electricity-flowing-throughout-coronavirus-outbreak}
}

@techreport{Elexon2019LossStatement,
    title = {{Loss of Load Probability Calculation Statement}},
    year = {2019},
    author = {{Elexon}}
}

@techreport{Cochran2013MarketSystems,
    title = {{Market Evolution: Wholesale Electricity Market Design for 21 st Century Power Systems}},
    year = {2013},
    author = {Cochran, Jaquelin and Miller, Mackay and Milligan, Michael and Ela, Erik and Arent, Douglas and Bloom, Aaron and Futch, Matthew and Kiviluoma, Juha and Holtinnen, Hannele and G{\'{o}}mez-L{\'{a}}zaro, Emilio and Mart{\'{i}}n-Mart{\'{i}}nez, Sergio and Kukoda, Steven and Garcia, Glycon and Mikkelsen, Kim Møller and Yongqiang, Zhao and Sandholt, Kaare},
    keywords = {21st Century Power Partnership, NREL/TP-6A20-57477, October 2013, Renewable energy, Wholesale power markets, demand response, distributed generation, energy systems integration}
}

@techreport{Ela2011OperatingReserves.,
    title = {{Operating Reserves and Variable Generation: A comprehensive review of current strategies, studies, and fundamental research on the impact that increased penetration of variable renewable generation has on power system operating reserves.}},
    year = {2011},
    author = {Ela, Erik and Milligan, Michael and Kirby, Brendan},
    url = {http://www.osti.gov/bridge},
    keywords = {August 2011, ISO, NREL/TP-5500-51978, WWSIS, grid integration, scheduling, solar power, utilities, wind power}
}

@article{Panapakidis2014PatternBuildings,
    title = {{Pattern recognition algorithms for electricity load curve analysis of buildings}},
    year = {2014},
    journal = {Energy and Buildings},
    author = {Panapakidis, Ioannis P. and Papadopoulos, Theofilos A. and Christoforidis, Georgios C. and Papagiannis, Grigoris K.},
    month = {4},
    pages = {137--145},
    volume = {73},
    doi = {10.1016/j.enbuild.2014.01.002},
    issn = {03787788},
    keywords = {Clustering algorithms, Demand side management, Electricity demand analysis, Energy efficiency, Load profiling, Smart buildings}
}

@techreport{Nationalgrid2017ProcurementSO,
    title = {{Procurement Guidelines SO}},
    year = {2017},
    author = {{Nationalgrid}},
    url = {http://www2.nationalgrid.com/UK/Industry-information/Electricity-}
}

@article{Liu2017PV-basedSystem,
    title = {{PV-based virtual synchronous generator with variable inertia to enhance power system transient stability utilizing the energy storage system}},
    year = {2017},
    journal = {Protection and Control of Modern Power Systems},
    author = {Liu, Ju and Yang, Dongjun and Yao, Wei and Fang, Rengcun and Zhao, Hongsheng and Wang, Bo},
    number = {1},
    month = {12},
    volume = {2},
    publisher = {Springer Science and Business Media LLC},
    doi = {10.1186/s41601-017-0070-0},
    issn = {2367-2617}
}

@techreport{NationalgridESO2018QuarterlyMarch18,
    title = {{Quarterly Forecasting Report - March18}},
    year = {2018},
    author = {{NationalgridESO}},
    institution = {NationalgridESO}
}

@techreport{IEA2016Re-poweringSystems.,
    title = {{Re-powering Markets. Market design and regulation during the transition to low-carbon power systems.}},
    year = {2016},
    author = {{IEA}},
    url = {www.iea.org/t&c/}
}

@techreport{Hirth2014TheVariability,
    title = {{The Economics of Wind and Solar Variability}},
    year = {2014},
    author = {Hirth, Lion},
    institution = {Technical University Berlin}
}

@article{Maekawa2018TheExchange,
    title = {{The effect of renewable energy generation on the electric power spot price of the Japan electric power exchange}},
    year = {2018},
    journal = {Energies},
    author = {Maekawa, Jun and Hai, Bui Hien and Shinkuma, Sarana and Shimada, Koji},
    number = {9},
    month = {9},
    volume = {11},
    publisher = {MDPI AG},
    doi = {10.3390/en11092215},
    issn = {19961073},
    keywords = {Electricity market, Japan Electric Power Exchange (JEPX), Market design, Renewable energy}
}

@misc{NationalGrid2020THE40,
    title = {{THE GRID CODE - Issue 5, Revision 40}},
    year = {2020},
    author = {{National Grid}},
    keywords = {REV29}
}

@article{Zeni2013VirtualTurbines,
    title = {{Virtual inertia for variable speed wind turbines}},
    year = {2013},
    journal = {Wind Energy},
    author = {Zeni, Lorenzo and Rudolph, Andreas Jakob and M{\"{u}}nster-Swendsen, Janus and Margaris, Ioannis and Hansen, Anca Daniela and S{\o}rensen, Poul},
    number = {8},
    month = {11},
    pages = {1225--1239},
    volume = {16},
    doi = {10.1002/we.1549},
    issn = {10954244},
    keywords = {integration of wind power, primary frequency response, variable speed wind turbine, virtual inertia}
}